
@manual{ti74hc00,
	organization = "Texas Instruments",
	title        = "SNx4HC00 Quadruple 2-Input NAND Gates",
	year         = 2021,
	month        = 8,
	note         = "Rev. H",
	url          = {https://www.ti.com/lit/ds/symlink/sn74hc00.pdf},
	urldate      = {2024-04-12}
	}
	
